@Preamble{ " \newcommand{\noop}[1]{} " }

@article{allcott2019should,
  title={Should we tax sugar-sweetened beverages? An overview of theory and evidence},
  author={Allcott, Hunt and Lockwood, Benjamin B and Taubinsky, Dmitry},
  journal={Journal of Economic Perspectives},
  volume={33},
  number={3},
  pages={202--27},
  year={2019}
}

@article{avena2008evidence,
  title={Evidence for sugar addiction: behavioral and neurochemical effects of intermittent, excessive sugar intake},
  author={Avena, Nicole M and Rada, Pedro and Hoebel, Bartley G},
  journal={Neuroscience \& Biobehavioral Reviews},
  volume={32},
  number={1},
  pages={20--39},
  year={2008},
  publisher={Elsevier}
}

@article{bellisle2012sweetness,
  title={Sweetness, satiation, and satiety},
  author={Bellisle, France and Drewnowski, Adam and Anderson, G Harvey and Westerterp-Plantenga, Margriet and Martin, Corby K},
  journal={The Journal of nutrition},
  volume={142},
  number={6},
  pages={1149S--1154S},
  year={2012},
  publisher={Oxford University Press}
}

@article{bleich2009increasing,
  title={Increasing consumption of sugar-sweetened beverages among US adults: 1988--1994 to 1999--2004},
  author={Bleich, Sara N and Wang, Y Claire and Wang, Youfa and Gortmaker, Steven L},
  journal={The American journal of clinical nutrition},
  volume={89},
  number={1},
  pages={372--381},
  year={2009},
  publisher={Oxford University Press}
}

@article{cawley2012medical,
  title={The medical care costs of obesity: an instrumental variables approach},
  author={Cawley, John and Meyerhoefer, Chad},
  journal={Journal of health economics},
  volume={31},
  number={1},
  pages={219--230},
  year={2012},
  publisher={Elsevier}
}

@article{cawley2017berkeley,
  title={The pass-through of taxes on sugar-sweetened beverages to retail prices: the case of Berkeley, California},
  author={Cawley, John and Frisvold, David E},
  journal={Journal of Policy Analysis and Management},
  volume={36},
  number={2},
  pages={303--326},
  year={2017},
  publisher={Wiley Online Library}
}

@article{cawley2020boulder,
  title={The Pass-Through of a Tax on Sugar-Sweetened Beverages in Boulder, Colorado},
  author={Cawley, John and Frisvold, David and Jones, David and Lensing, Chelsea},
  journal={American Journal of Agricultural Economics},
  year={2020},
  publisher={Wiley Online Library}
}

@article{cawley2020philly,
  title={The impact of the Philadelphia beverage tax on prices and product availability},
  author={Cawley, John and Frisvold, David and Hill, Anna and Jones, David},
  journal={Journal of Policy Analysis and Management},
  volume={39},
  number={3},
  pages={605--628},
  year={2020},
  publisher={Wiley Online Library}
}

@article{cawley2020oakland,
  title={Oakland’s sugar-sweetened beverage tax: impacts on prices, purchases and consumption by adults and children},
  author={Cawley, John and Frisvold, David and Hill, Anna and Jones, David},
  journal={Economics \& Human Biology},
  volume={37},
  pages={100865},
  year={2020},
  publisher={Elsevier}
}

@article{chetty2009salience,
  title={Salience and taxation: Theory and evidence},
  author={Chetty, Raj and Looney, Adam and Kroft, Kory},
  journal={American economic review},
  volume={99},
  number={4},
  pages={1145--77},
  year={2009}
}

@article{colchero2017mexico,
  title={In Mexico, evidence of sustained consumer response two years after implementing a sugar-sweetened beverage tax},
  author={Colchero, M Arantxa and Rivera-Dommarco, Juan and Popkin, Barry M and Ng, Shu Wen},
  journal={Health Affairs},
  volume={36},
  number={3},
  pages={564--571},
  year={2017}
}

@article{colchero2016beverage,
  title={Beverage purchases from stores in Mexico under the excise tax on sugar sweetened beverages: observational study},
  author={Colchero, M Arantxa and Popkin, Barry M and Rivera, Juan A and Ng, Shu Wen},
  journal={bmj},
  volume={352},
  year={2016},
  publisher={British Medical Journal Publishing Group}
}

@article{cotti2016effects,
  title={The effects of tobacco control policies on tobacco products, tar, and nicotine purchases among adults: Evidence from household panel data},
  author={Cotti, Chad and Nesson, Erik and Tefft, Nathan},
  journal={American Economic Journal: Economic Policy},
  volume={8},
  number={4},
  pages={103--23},
  year={2016}
}

@article{de2012trial,
  title={A trial of sugar-free or sugar-sweetened beverages and body weight in children},
  author={de Ruyter, Janne C and Olthof, Margreet R and Seidell, Jacob C and Katan, Martijn B},
  journal={New England Journal of Medicine},
  volume={367},
  number={15},
  pages={1397--1406},
  year={2012},
  publisher={Mass Medical Soc}
}

@article{dharmasena2012intended,
  title={Intended and unintended consequences of a proposed national tax on sugar-sweetened beverages to combat the US obesity problem},
  author={Dharmasena, Senarath and Capps Jr, Oral},
  journal={Health economics},
  volume={21},
  number={6},
  pages={669--694},
  year={2012},
  publisher={Wiley Online Library}
}

@article{dubois2014prices,
  title={Do prices and attributes explain international differences in food purchases?},
  author={Dubois, Pierre and Griffith, Rachel and Nevo, Aviv},
  journal={American Economic Review},
  volume={104},
  number={3},
  pages={832--67},
  year={2014}
}

@article{ebbeling2012randomized,
  title={A randomized trial of sugar-sweetened beverages and adolescent body weight},
  author={Ebbeling, Cara B and Feldman, Henry A and Chomitz, Virginia R and Antonelli, Tracy A and Gortmaker, Steven L and Osganian, Stavroula K and Ludwig, David S},
  journal={N Engl J Med},
  volume={367},
  pages={1407--1416},
  year={2012},
  publisher={Mass Medical Soc}
}

@article{ebbeling2006effects,
  title={Effects of decreasing sugar-sweetened beverage consumption on body weight in adolescents: a randomized, controlled pilot study},
  author={Ebbeling, Cara B and Feldman, Henry A and Osganian, Stavroula K and Chomitz, Virginia R and Ellenbogen, Sheila J and Ludwig, David S},
  journal={Pediatrics},
  volume={117},
  number={3},
  pages={673--680},
  year={2006},
  publisher={Am Acad Pediatrics}
}

@article{einav2010recording,
  title={Recording discrepancies in Nielsen Homescan data: Are they present and do they matter?},
  author={Einav, Liran and Leibtag, Ephraim and Nevo, Aviv},
  journal={QME},
  volume={8},
  number={2},
  pages={207--239},
  year={2010},
  publisher={Springer}
}

% I don't think this one is used: Ervin, R. B., Kit, B. K., Carroll, M. D., \& Ogden, C. L. (2012). Consumption of added sugar among US children and adolescents, 2005-2008. NCHS data brief, (87), 1-8.

@article{falbe2015higher,
  title={Higher retail prices of sugar-sweetened beverages 3 months after implementation of an excise tax in Berkeley, California},
  author={Falbe, Jennifer and Rojas, Nadia and Grummon, Anna H and Madsen, Kristine A},
  journal={American journal of public health},
  volume={105},
  number={11},
  pages={2194--2201},
  year={2015},
  publisher={American Public Health Association}
}

@article{falbe2016impact,
  title={Impact of the Berkeley excise tax on sugar-sweetened beverage consumption},
  author={Falbe, Jennifer and Thompson, Hannah R and Becker, Christina M and Rojas, Nadia and McCulloch, Charles E and Madsen, Kristine A},
  journal={American journal of public health},
  volume={106},
  number={10},
  pages={1865--1871},
  year={2016},
  publisher={American Public Health Association}
}

@article{finkelstein2009annual,
  title={Annual Medical Spending Attributable To Obesity: Payer-And Service-Specific Estimates: Amid calls for health reform, real cost savings are more likely to be achieved through reducing obesity and related risk factors.},
  author={Finkelstein, Eric A and Trogdon, Justin G and Cohen, Joel W and Dietz, William},
  journal={Health affairs},
  volume={28},
  number={Suppl1},
  pages={w822--w831},
  year={2009},
  publisher={Project HOPE-The People-to-People Health Foundation, Inc.}
}

@article{hadaway1993polls,
  title={What the polls don't show: A closer look at US church attendance},
  author={Hadaway, C Kirk and Marler, Penny Long and Chaves, Mark},
  journal={American Sociological Review},
  pages={741--752},
  year={1993},
  publisher={JSTOR}
}

@article{harding2012heterogeneous,
  title={The heterogeneous geographic and socioeconomic incidence of cigarette taxes: Evidence from Nielsen Homescan Data},
  author={Harding, Matthew and Leibtag, Ephraim and Lovenheim, Michael F},
  journal={American Economic Journal: Economic Policy},
  volume={4},
  number={4},
  pages={169--98},
  year={2012}
}

@article{krumpal2013determinants,
  title={Determinants of social desirability bias in sensitive surveys: a literature review},
  author={Krumpal, Ivar},
  journal={Quality \& Quantity},
  volume={47},
  number={4},
  pages={2025--2047},
  year={2013},
  publisher={Springer}
}

@article{lemmens2009eating,
  title={Eating what you like induces a stronger decrease of ‘wanting’to eat},
  author={Lemmens, Sofie GT and Schoffelen, Paul FM and Wouters, Loek and Born, Jurriaan M and Martens, Mieke JI and Rutters, Femke and Westerterp-Plantenga, Margriet S},
  journal={Physiology \& Behavior},
  volume={98},
  number={3},
  pages={318--325},
  year={2009},
  publisher={Elsevier}
}

@article{lenoir2007intense,
  title={Intense sweetness surpasses cocaine reward},
  author={Lenoir, Magalie and Serre, Fuschia and Cantin, Lauriane and Ahmed, Serge H},
  journal={PloS one},
  volume={2},
  number={8},
  pages={e698},
  year={2007},
  publisher={Public Library of Science}
}

@article{locander1976investigation,
  title={An investigation of interview method, threat and response distortion},
  author={Locander, William and Sudman, Seymour and Bradburn, Norman},
  journal={Journal of the American Statistical Association},
  volume={71},
  number={354},
  pages={269--275},
  year={1976},
  publisher={Taylor \& Francis Group}
}

@article{mensch1988underreporting,
  title={Underreporting of substance use in a national longitudinal youth cohort: Individual and interviewer effects},
  author={Mensch, Barbara S and Kandel, Denise B},
  journal={Public Opinion Quarterly},
  volume={52},
  number={1},
  pages={100--124},
  year={1988},
  publisher={Oxford University Press}
}

@article{peters2016effects,
  title={The effects of water and non-nutritive sweetened beverages on weight loss and weight maintenance: a randomized clinical trial},
  author={Peters, John C and Beck, Jimikaye and Cardel, Michelle and Wyatt, Holly R and Foster, Gary D and Pan, Zhaoxing and Wojtanowski, Alexis C and Vander Veur, Stephanie S and Herring, Sharon J and Brill, Carrie and others},
  journal={Obesity},
  volume={24},
  number={2},
  pages={297--304},
  year={2016},
  publisher={Wiley Online Library}
}

@article{peters2014effects,
  title={The effects of water and non-nutritive sweetened beverages on weight loss during a 12-week weight loss treatment program},
  author={Peters, John C and Wyatt, Holly R and Foster, Gary D and Pan, Zhaoxing and Wojtanowski, Alexis C and Vander Veur, Stephanie S and Herring, Sharon J and Brill, Carrie and Hill, James O},
  journal={Obesity},
  volume={22},
  number={6},
  pages={1415--1421},
  year={2014},
  publisher={Wiley Online Library}
}

@article{popkin2016sweetening,
  title={Sweetening of the global diet, particularly beverages: patterns, trends, and policy responses},
  author={Popkin, Barry M and Hawkes, Corinna},
  journal={The lancet Diabetes \& endocrinology},
  volume={4},
  number={2},
  pages={174--186},
  year={2016},
  publisher={Elsevier}
}

@article{silver1986overreports,
  title={Who overreports voting?},
  author={Silver, Brian D and Anderson, Barbara A and Abramson, Paul R},
  journal={The American Political Science Review},
  pages={613--624},
  year={1986},
  publisher={JSTOR}
}

@article{silver2017changes,
  title={Changes in prices, sales, consumer spending, and beverage consumption one year after a tax on sugar-sweetened beverages in Berkeley, California, US: A before-and-after study},
  author={Silver, Lynn D and Ng, Shu Wen and Ryan-Ibarra, Suzanne and Taillie, Lindsey Smith and Induni, Marta and Miles, Donna R and Poti, Jennifer M and Popkin, Barry M},
  journal={PLoS medicine},
  volume={14},
  number={4},
  pages={e1002283},
  year={2017},
  publisher={Public Library of Science San Francisco, CA USA}
}

@book{dietary2015dietary,
  title={Dietary guidelines for Americans 2015-2020},
  author={Dietary Guidelines Advisory Committee and others},
  year={2015},
  publisher={Government Printing Office}
}

@article{vartanian2007effects,
  title={Effects of soft drink consumption on nutrition and health: a systematic review and meta-analysis},
  author={Vartanian, Lenny R and Schwartz, Marlene B and Brownell, Kelly D},
  journal={American journal of public health},
  volume={97},
  number={4},
  pages={667--675},
  year={2007},
  publisher={American Public Health Association}
}
